@book{IEEE80211,
  author={{IEEE Std 802.11-2013}},
  title={IEEE Standard for Information Technology-Telecommunications and Information Exchange Between Systems-Local and Metropolitan Area Networks-Specific Requirements: Carrier Sense Multiple Access with Collision Detection (CSMA/CD) Access Method and Physical Layer Specifications},
  address = {New York},
  publisher={IEEE}
  year=2013
}

@book{IEEE80211s,
  author = {{IEEE Std 802.11s-2011}},
  title =  {IEEE Standard for Information technology--Local and metropolitan area networks--Specific requirements--Part 11: Wireless LAN Medium Access Control(MAC) and Physical Lay
            (PHY) Specification Amendment 10: Mesh Network},
  address = {New York},
  publisher = {IEEE},
  year = 2011
}

@book{IEEE80211e,
  author={{IEEE Std 802.11e-2005}},
  title={IEEE Standard for Information technology--Local and metropolitan area networks--Specific requirements--Part 11: Wireless LAN Medium Access Control (MAC) and Physical Layer (PHY) Specifications - Amendment 8: Medium Access Control (MAC) Quality of Service Enhancements},
  address = {New York},
  publisher = {IEEE},
  year=2005
}

@article{meshsurvey,
  title={Wireless mesh networks: a survey},
  author={Akyildiz, Ian F and Wang, Xudong and Wang, Weilin},
  journal={Computer networks},
  volume={47},
  number={4},
  pages={445--487},
  year={2005},
  publisher={Elsevier}
}

@techreport{AODV,
  title={Ad hoc on-demand distance vector (AODV) routing},
  author={Perkins, Charles and Belding-Royer, Elizabeth and Das, Samir},
  year={2003}
}

@article{OLSR,
  title={Optimized link state routing protocol (OLSR)},
  author={Clausen, Thomas and Jacquet, Philippe and Adjih, C{\'e}dric and Laouiti, Anis and Minet, Pascale and Muhlethaler, Paul and Qayyum, Amir and Viennot, Laurent},
  year={2003}
}

@article{BATMAN,
  title={Better approach to mobile ad-hoc networking (BATMAN)},
  author={Neumann, Axel and Aichele, Corinna and Lindner, Marek and Wunderlich, Simon},
  journal={IETF draft, October},
  year={2008}
}

@misc{BATMAN-adv,
  howpublished = {\url{https://www.open-mesh.org/projects/batman-adv/wiki}},
  title = {BATMAN-adv},
}

@mastersthesis{networkcoding,
  author =       {Martin H, Jeppe L-P},
  title =        {Inter-Flow Network Coding For Wireless Mesh Network},
  school =       {Aalborg University},
  year =         2011,
  address =      {Frederik Bajers Vej 7},
}

@inproceedings{vimor,
  title={Video-aware multicast opportunistic routing over 802.11 two-hop mesh networks},
  author={Choumas, Kostas and Syrigos, Ilias and Korakis, Thanasis and Tassiulas, Leandros},
  booktitle={Sensing, Communication, and Networking (SECON), 2014 Eleventh Annual IEEE International Conference on},
  pages={486--494},
  year={2014},
  organization={IEEE}
}

@inproceedings{OmniEye,
  author =       {A.Rowe, R.Rajkumar, C.Huang, C-C.Yeh},
  title =        {Real-Time Video Surveillance over IEEE 802.11 Mesh Networks},
  booktitle =    {Real-Time and Embedded Technology and Applications Symposium, 2009. RTAS 2009. 15th IEEE},
  pages =        {205-214},
  publisher =    {IEEE},
  month =        {April},
  year =         2009
}

@inproceedings{MSM-WLO,
  title={Link quality-aware overlay for video delivery over wireless mesh networks},
  author={Le-Dang, Quang and McManis, Jennifer and Muntean, Gabriel-Miro},
  booktitle={Broadband Multimedia Systems and Broadcasting (BMSB), 2015 IEEE International Symposium on},
  pages={1--6},
  year={2015},
  organization={IEEE}
}

@article{SMesh,
 author = {Amir, Yair and Danilov, Claudiu and Musu\u{a}loiu-Elefteri, Raluca and Rivera, Nilo},
 title = {The SMesh Wireless Mesh Network},
 journal = {ACM Trans. Comput. Syst.},
 issue_date = {September 2010},
 volume = {28},
 number = {3},
 month = sep,
 year = {2008},
 issn = {0734-2071},
 pages = {6:1--6:49},
 articleno = {6},
 numpages = {49},
 url = {http://doi.acm.org/10.1145/1841313.1841314},
 doi = {10.1145/1841313.1841314},
 acmid = {1841314},
 publisher = {ACM},
 address = {New York, NY, USA},
 keywords = {Wireless mesh networks, fast handoff, inter-domain, intra-domain, micromobility},
}

@article{Iptvhome,
  title={IPTVhome networking via 802.11 wireless mesh networks: an implementation experience},
  author={Birlik, Firat and G{\"u}rb{\"u}z, {\"O}zg{\"u}r and Ercetin, Ozgur},
  journal={Consumer Electronics, IEEE Transactions on},
  volume={55},
  number={3},
  pages={1192--1199},
  year={2009},
  publisher={IEEE}
}

@article{W4,
  title={W 4: Real-time surveillance of people and their activities},
  author={Haritaoglu, Ismail and Harwood, David and Davis, Larry S},
  journal={Pattern Analysis and Machine Intelligence, IEEE Transactions on},
  volume={22},
  number={8},
  pages={809--830},
  year={2000},
  publisher={IEEE}
}

@inproceedings{staticmapping,
  title={IEEE 802.11 e Wireless LAN for Quality of Service},
  author={Mangold, Stefan and Choi, Sunghyun and May, Peter and Klein, Ole and Hiertz, Guido and Stibor, Lothar},
  booktitle={Proc. European Wireless},
  volume={2},
  pages={32--39},
  year={2002}
}

@inproceedings{dynamicmapping,
  title={Adaptive scheduling for wireless video transmission in high-speed networks},
  author={Wan, Zheng and Xiong, Naixue and Ghani, Nasir and Peng, Min and Vasilakos, Athanasios V and Zhou, Liang},
  booktitle={Computer Communications Workshops (INFOCOM WKSHPS), 2011 IEEE Conference on},
  pages={180--185},
  year={2011},
  organization={IEEE}
}

@misc{videos,
  howpublished = {\url{http://trace.eas.asu.edu/yuv/}},
  title = {video sequences},
}

@article{SMM,
  title={Toward an improvement of H. 264 video transmission over IEEE 802.11 e through a cross-layer architecture},
  author={Ksentini, Adlen and Naimi, Mohamed and Gu{\'e}roui, Abdelhak},
  journal={Communications Magazine, IEEE},
  volume={44},
  number={1},
  pages={107--114},
  year={2006},
  publisher={IEEE}
}

@article{DMM,
  title={An adaptive cross-layer mapping algorithm for MPEG-4 video transmission over IEEE 802.11 e WLAN},
  author={Lin, C-H and Shieh, C-K and Ke, C-H and Chilamkurti, Naveen K and Zeadally, Sherali},
  journal={Telecommunication Systems},
  volume={42},
  number={3-4},
  pages={223--234},
  year={2009},
  publisher={Springer}
}

@article{AMM,
  title={Ipb-frame adaptive mapping mechanism for video transmission over ieee 802.11 e wlans},
  author={Yao, Xin-Wei and Wang, Wan-Liang and Yang, Shuang-Hua and Cen, Yue-Feng and Yao, Xiao-Min and Pan, Tie-Qiang},
  journal={ACM SIGCOMM Computer Communication Review},
  volume={44},
  number={2},
  pages={5--12},
  year={2014},
  publisher={ACM}
}

@inproceedings{MORE,
 author = {Katti, Sachin and Katabi, Dina and Balakrishnan, Hari and Medard, Muriel},
 title = {Symbol-level Network Coding for Wireless Mesh Networks},
 booktitle = {Proceedings of the ACM SIGCOMM 2008 Conference on Data Communication},
 series = {SIGCOMM '08},
 year = {2008},
 isbn = {978-1-60558-175-0},
 location = {Seattle, WA, USA},
 pages = {401--412},
 numpages = {12},
 url = {http://doi.acm.org/10.1145/1402958.1403004},
 doi = {10.1145/1402958.1403004},
 acmid = {1403004},
 publisher = {ACM},
 address = {New York, NY, USA},
 keywords = {cooperative diversity, network coding, wireless networks},
}

@inproceedings{rateallocation,
  title={Video multicast over wireless mesh networks with scalable video coding (SVC)},
  author={Zhu, Xiaoqing and Schierl, Thomas and Wiegand, Thomas and Girod, Bernd},
  booktitle={Electronic Imaging 2008},
  pages={682205--682205},
  year={2008},
  organization={International Society for Optics and Photonics}
}

@inproceedings{ABI,
  title={ABI: A mechanism for increasing video delivery quality in multi-radio Wireless Mesh Networks},
  author={Hava, Adriana and Muntean, Gabriel-Miro and Murphy, John},
  booktitle={Broadband Multimedia Systems and Broadcasting (BMSB), 2014 IEEE International Symposium on},
  pages={1--6},
  year={2014},
  organization={IEEE}
}

@inproceedings{crosslayermultiradio,
  title={Cross layer routing and rate adaptation for video transmission in multi-radio Wireless Mesh Networks},
  author={Patil, Kiran and Narayan, DG and Mudenagudi, Uma and Amboji, Jyoti},
  booktitle={Advances in Computing, Communications and Informatics (ICACCI), 2015 International Conference on},
  pages={2139--2144},
  year={2015},
  organization={IEEE}
}

@article{crosslayervideostream,
  title={Cross-layer optimized video streaming over wireless multihop mesh networks},
  author={Andreopoulos, Yiannis and Mastronarde, Nicholas and Van der Schaar, Mihaela},
  journal={Selected Areas in Communications, IEEE Journal on},
  volume={24},
  number={11},
  pages={2104--2115},
  year={2006},
  publisher={IEEE}
}

@article{crosslayeroptimization,
  title={A cross-layer optimization framework for multihop multicast in wireless mesh networks},
  author={Yuan, Jun and Li, Zongpeng and Yu, Wei and Li, Baochun},
  journal={Selected Areas in Communications, IEEE Journal on},
  volume={24},
  number={11},
  pages={2092--2103},
  year={2006},
  publisher={IEEE}
}

@article{crosslayervideotransmission,
  title={Cross-layer video transmission over IEEE 802.11 e multihop networks},
  author={Wan, Zheng and Xiong, Naixue and Yang, Laurence T},
  journal={Multimedia Tools and Applications},
  volume={74},
  number={1},
  pages={5--23},
  year={2015},
  publisher={Springer}
}

@article{RBA,
  title={Receiver-based channel allocation in cognitive radio wireless mesh networks},
  author={Almasaeid, Hisham M and Kamal, Ahmed E},
  journal={Networking, IEEE/ACM Transactions on},
  volume={23},
  number={4},
  pages={1286--1299},
  year={2015},
  publisher={IEEE}
}

@article{multichannelassignment,
  title={Centralized channel assignment and routing algorithms for multi-channel wireless mesh networks},
  author={Raniwala, Ashish and Gopalan, Kartik and Chiueh, Tzi-cker},
  journal={ACM SIGMOBILE Mobile Computing and Communications Review},
  volume={8},
  number={2},
  pages={50--65},
  year={2004},
  publisher={ACM}
}

@article{2008minimum,
  title={Minimum interference channel assignment in multiradio wireless mesh networks},
  author={Subramanian, Anand Prabhu and Gupta, Himanshu and Das, Samir R and Cao, Jing},
  journal={Mobile Computing, IEEE Transactions on},
  volume={7},
  number={12},
  pages={1459--1473},
  year={2008},
  publisher={IEEE}
}

@inproceedings{2005characterizing,
  title={Characterizing the capacity region in multi-radio multi-channel wireless mesh networks},
  author={Kodialam, Murali and Nandagopal, Thyaga},
  booktitle={Proceedings of the 11th annual international conference on Mobile computing and networking},
  pages={73--87},
  year={2005},
  organization={ACM}
}

@inproceedings{2005interference,
  title={Interference-aware topology control and QoS routing in multi-channel wireless mesh networks},
  author={Tang, Jian and Xue, Guoliang and Zhang, Weiyi},
  booktitle={Proceedings of the 6th ACM international symposium on Mobile ad hoc networking and computing},
  pages={68--77},
  year={2005},
  organization={ACM}
}

@article{review,
  title={A review of current routing protocols for ad hoc mobile wireless networks},
  author={Royer, Elizabeth M and Toh, Chai-Keong},
  journal={Personal Communications, IEEE},
  volume={6},
  number={2},
  pages={46--55},
  year={1999},
  publisher={IEEE}
}

@Article{broadcaststorm,
author="Tseng, Y.Ni, S.Chen, Y-S.Sheu, J.Ping",
title="The Broadcast Storm Problem in a Mobile Ad Hoc Network",
journal="Wireless Networks",
year="2002",
volume="8",
pages="153--167",
issn="1572-8196",
}

@article{insignia,
  title={INSIGNIA: An IP-based quality of service framework for mobile ad hoc networks},
  author={Lee, Seoung-Bum and Ahn, Gahng-Seop and Zhang, Xiaowei and Campbell, Andrew T},
  journal={Journal of Parallel and distributed Computing},
  volume={60},
  number={4},
  pages={374--406},
  year={2000},
  publisher={Elsevier}
}

@article{ITCD,
  title={Interference-based topology control algorithm for delay-constrained mobile ad hoc networks},
  author={Zhang, Xin Ming and Zhang, Yue and Yan, Fan and Vasilakos, Athanasios V},
  journal={Mobile Computing, IEEE Transactions on},
  volume={14},
  number={4},
  pages={742--754},
  year={2015},
  publisher={IEEE}
}

@article{mobilitysurvey,
  title={A survey of mobility management in hybrid wireless mesh networks},
  author={Xie, Jiang and Wang, Xudong},
  journal={Network, IEEE},
  volume={22},
  number={6},
  pages={34--40},
  year={2008},
  publisher={IEEE}
}

@inproceedings{2007mobility,
  title={A mobility management scheme for wireless mesh networks},
  author={Huang, Rongsheng and Zhang, Chi and Fang, Yuguang},
  booktitle={Global Telecommunications Conference, 2007. GLOBECOM'07. IEEE},
  pages={5092--5096},
  year={2007},
  organization={IEEE}
}

@inproceedings{2002link,
  title={Link stability in mobile wireless ad hoc networks},
  author={Gerharz, Michael and De Waal, Christian and Frank, Matthias and Martini, Peter},
  booktitle={Local Computer Networks, 2002. Proceedings. LCN 2002. 27th Annual IEEE Conference on},
  pages={30--39},
  year={2002},
  organization={IEEE}
}

@inproceedings{2001mobility,
  title={Mobility increases the capacity of ad-hoc wireless networks},
  author={Grossglauser, Matthias and Tse, David},
  booktitle={INFOCOM 2001. Twentieth Annual Joint Conference of the IEEE Computer and Communications Societies. Proceedings. IEEE},
  volume={3},
  pages={1360--1369},
  year={2001},
  organization={IEEE}
}

@article{study,
  title={A study on stable data transmission using hierarchical share group in mobile ad hoc network},
  author={Yang, Hwan-Seok and Sun, Jae Hoon},
  journal={Wireless Personal Communications},
  volume={86},
  number={1},
  pages={333--349},
  year={2016},
  publisher={Springer}
}
